@Book{xie2015,
  title = {Dynamic Documents with {R} and knitr},
  author = {Yihui Xie},
  publisher = {Chapman and Hall/CRC},
  address = {Boca Raton, Florida},
  year = {2015},
  edition = {2nd},
  note = {ISBN 978-1498716963},
  url = {http://yihui.name/knitr/},
}

@book{brockwell2016introduction,
  title={Introduction to time series and forecasting},
  author={Brockwell, Peter J and Brockwell, Peter J and Davis, Richard A and Davis, Richard A},
  year={2016},
  publisher={Springer}
}


@book{tsay2010analysis,
  title={Analysis of Financial Time Series},
  author={Tsay, Ruey S},
  year={2010},
  publisher={John Wiley \& Sons}
}


@book{chatfield2019analysis,
  title={The analysis of time series: an introduction with R},
  author={Chatfield, Chris and Xing, Haipeng},
  year={2019},
  publisher={CRC press}
}


@book{tsay2013multivariate,
  title={Multivariate time series analysis: with R and financial applications},
  author={Tsay, Ruey S},
  year={2013},
  publisher={John Wiley \& Sons}
}